%YAML 1.1
%TAG !u! tag:unity3d.com,2011:
--- !u!1 &684802879338671482
GameObject:
  m_ObjectHideFlags: 0
  m_CorrespondingSourceObject: {fileID: 0}
  m_PrefabInstance: {fileID: 0}
  m_PrefabAsset: {fileID: 0}
  serializedVersion: 6
  m_Component:
  - component: {fileID: 4629809690375610051}
  - component: {fileID: 4230371585908586522}
  - component: {fileID: 9143599945849755501}
  - component: {fileID: 2658817470370043016}
  m_Layer: 0
  m_Name: Cube (3)
  m_TagString: Untagged
  m_Icon: {fileID: 0}
  m_NavMeshLayer: 0
  m_StaticEditorFlags: 0
  m_IsActive: 1
--- !u!4 &4629809690375610051
Transform:
  m_ObjectHideFlags: 0
  m_CorrespondingSourceObject: {fileID: 0}
  m_PrefabInstance: {fileID: 0}
  m_PrefabAsset: {fileID: 0}
  m_GameObject: {fileID: 684802879338671482}
  m_LocalRotation: {x: -0, y: -0.7071068, z: -0, w: 0.7071068}
  m_LocalPosition: {x: -0.025, y: -0.2259998, z: 0}
  m_LocalScale: {x: 2, y: 0.38784692, z: 2}
  m_Children: []
  m_Father: {fileID: 2670141074943857485}
  m_RootOrder: 0
  m_LocalEulerAnglesHint: {x: 0, y: 0, z: 0}
--- !u!33 &4230371585908586522
MeshFilter:
  m_ObjectHideFlags: 0
  m_CorrespondingSourceObject: {fileID: 0}
  m_PrefabInstance: {fileID: 0}
  m_PrefabAsset: {fileID: 0}
  m_GameObject: {fileID: 684802879338671482}
  m_Mesh: {fileID: 10202, guid: 0000000000000000e000000000000000, type: 0}
--- !u!23 &9143599945849755501
MeshRenderer:
  m_ObjectHideFlags: 0
  m_CorrespondingSourceObject: {fileID: 0}
  m_PrefabInstance: {fileID: 0}
  m_PrefabAsset: {fileID: 0}
  m_GameObject: {fileID: 684802879338671482}
  m_Enabled: 1
  m_CastShadows: 1
  m_ReceiveShadows: 1
  m_DynamicOccludee: 1
  m_MotionVectors: 1
  m_LightProbeUsage: 1
  m_ReflectionProbeUsage: 1
  m_RenderingLayerMask: 1
  m_RendererPriority: 0
  m_Materials:
  - {fileID: 2100000, guid: 621ba4613e89f1a46a964791079935fe, type: 2}
  m_StaticBatchInfo:
    firstSubMesh: 0
    subMeshCount: 0
  m_StaticBatchRoot: {fileID: 0}
  m_ProbeAnchor: {fileID: 0}
  m_LightProbeVolumeOverride: {fileID: 0}
  m_ScaleInLightmap: 1
  m_PreserveUVs: 0
  m_IgnoreNormalsForChartDetection: 0
  m_ImportantGI: 0
  m_StitchLightmapSeams: 1
  m_SelectedEditorRenderState: 3
  m_MinimumChartSize: 4
  m_AutoUVMaxDistance: 0.5
  m_AutoUVMaxAngle: 89
  m_LightmapParameters: {fileID: 0}
  m_SortingLayerID: 0
  m_SortingLayer: 0
  m_SortingOrder: 0
--- !u!65 &2658817470370043016
BoxCollider:
  m_ObjectHideFlags: 0
  m_CorrespondingSourceObject: {fileID: 0}
  m_PrefabInstance: {fileID: 0}
  m_PrefabAsset: {fileID: 0}
  m_GameObject: {fileID: 684802879338671482}
  m_Material: {fileID: 0}
  m_IsTrigger: 0
  m_Enabled: 1
  serializedVersion: 2
  m_Size: {x: 1, y: 1, z: 1}
  m_Center: {x: 0, y: 0, z: 0}
--- !u!65 &4077451843296739206
BoxCollider:
  m_ObjectHideFlags: 0
  m_CorrespondingSourceObject: {fileID: 0}
  m_PrefabInstance: {fileID: 0}
  m_PrefabAsset: {fileID: 0}
  m_GameObject: {fileID: 3114225470994454523}
  m_Material: {fileID: 0}
  m_IsTrigger: 1
  m_Enabled: 1
  serializedVersion: 2
  m_Size: {x: 2.0000005, y: 0.52066, z: 2.0000014}
  m_Center: {x: 0, y: 0.137973, z: 0.0000004768373}
--- !u!1001 &583871637626989423
PrefabInstance:
  m_ObjectHideFlags: 0
  serializedVersion: 2
  m_Modification:
    m_TransformParent: {fileID: 0}
    m_Modifications:
    - target: {fileID: -927199367670048503, guid: c53ab46be9710b54b8f6e5342ad48bac,
        type: 3}
      propertyPath: m_Name
      value: EarthPlatform3
      objectReference: {fileID: 0}
    - target: {fileID: -4216859302048453862, guid: c53ab46be9710b54b8f6e5342ad48bac,
        type: 3}
      propertyPath: m_LocalPosition.x
      value: 3.02
      objectReference: {fileID: 0}
    - target: {fileID: -4216859302048453862, guid: c53ab46be9710b54b8f6e5342ad48bac,
        type: 3}
      propertyPath: m_LocalPosition.y
      value: -10.931
      objectReference: {fileID: 0}
    - target: {fileID: -4216859302048453862, guid: c53ab46be9710b54b8f6e5342ad48bac,
        type: 3}
      propertyPath: m_LocalPosition.z
      value: 0.47
      objectReference: {fileID: 0}
    - target: {fileID: -4216859302048453862, guid: c53ab46be9710b54b8f6e5342ad48bac,
        type: 3}
      propertyPath: m_LocalRotation.x
      value: 0
      objectReference: {fileID: 0}
    - target: {fileID: -4216859302048453862, guid: c53ab46be9710b54b8f6e5342ad48bac,
        type: 3}
      propertyPath: m_LocalRotation.y
      value: 0.7071068
      objectReference: {fileID: 0}
    - target: {fileID: -4216859302048453862, guid: c53ab46be9710b54b8f6e5342ad48bac,
        type: 3}
      propertyPath: m_LocalRotation.z
      value: 0
      objectReference: {fileID: 0}
    - target: {fileID: -4216859302048453862, guid: c53ab46be9710b54b8f6e5342ad48bac,
        type: 3}
      propertyPath: m_LocalRotation.w
      value: 0.7071068
      objectReference: {fileID: 0}
    - target: {fileID: -4216859302048453862, guid: c53ab46be9710b54b8f6e5342ad48bac,
        type: 3}
      propertyPath: m_RootOrder
      value: 0
      objectReference: {fileID: 0}
    - target: {fileID: -4216859302048453862, guid: c53ab46be9710b54b8f6e5342ad48bac,
        type: 3}
      propertyPath: m_LocalEulerAnglesHint.x
      value: 0
      objectReference: {fileID: 0}
    - target: {fileID: -4216859302048453862, guid: c53ab46be9710b54b8f6e5342ad48bac,
        type: 3}
      propertyPath: m_LocalEulerAnglesHint.y
      value: 90
      objectReference: {fileID: 0}
    - target: {fileID: -4216859302048453862, guid: c53ab46be9710b54b8f6e5342ad48bac,
        type: 3}
      propertyPath: m_LocalEulerAnglesHint.z
      value: 0
      objectReference: {fileID: 0}
    - target: {fileID: -2416733968201007103, guid: c53ab46be9710b54b8f6e5342ad48bac,
        type: 3}
      propertyPath: m_Materials.Array.data[0]
      value: 
      objectReference: {fileID: 2100000, guid: 90ab94155dd1f444c9736c8e8fe055a9, type: 2}
    - target: {fileID: 2534866581884222612, guid: c53ab46be9710b54b8f6e5342ad48bac,
        type: 3}
      propertyPath: m_TagString
      value: Ground
      objectReference: {fileID: 0}
    m_RemovedComponents: []
  m_SourcePrefab: {fileID: 100100000, guid: c53ab46be9710b54b8f6e5342ad48bac, type: 3}
--- !u!1 &3114225470994454523 stripped
GameObject:
  m_CorrespondingSourceObject: {fileID: 2534866581884222612, guid: c53ab46be9710b54b8f6e5342ad48bac,
    type: 3}
  m_PrefabInstance: {fileID: 583871637626989423}
  m_PrefabAsset: {fileID: 0}
--- !u!4 &2670141074943857485 stripped
Transform:
  m_CorrespondingSourceObject: {fileID: -5975033157549033438, guid: c53ab46be9710b54b8f6e5342ad48bac,
    type: 3}
  m_PrefabInstance: {fileID: 583871637626989423}
  m_PrefabAsset: {fileID: 0}
